@misc{devicetree,
	author		= "Linaro",
	title		= "Device Tree Official Site",
	howpublished	= "\url{https://www.devicetree.org/}",
}

@misc{amba,
	author		= "ARM",
	title		= "The ``Advanced Microcontroller Bus Architecture'' Specification",
	howpublished	= "\url{https://www.arm.com/products/system-ip/amba-specifications}",
}

