@misc{devicetree,
	author		= "Linaro",
	title		= "Device Tree Official Site",
	howpublished	= "\url{https://www.devicetree.org/}",
}

@misc{amba,
	author		= "ARM",
	title		= "The ``Advanced Microcontroller Bus Architecture'' Specification",
	howpublished	= "\url{https://www.arm.com/products/system-ip/amba-specifications}",
}

@misc{ug585,
	author		= "Xilinx",
	title		= "Zynq-7000 All Programmable SoC -- Technical Reference Manual",
	howpublished	= "\url{https://www.xilinx.com/support/documentation/user_guides/ug585-Zynq-7000-TRM.pdf},"
}

@misc{ug1085,
	author		= "Xilinx",
	title		= "Zynq UltraScale+ Device Technical Reference Manual",
	howpublished	= "\url{https://www.xilinx.com/support/documentation/user_guides/ug1085-zynq-ultrascale-trm.pdf}",
}
